@article{taarofbench2025,
  title={We Politely Insist: Your LLM Must Learn the Persian Art of Taarof},
  author={Gohari Sadr, Nikta and Heidariasl, Sahar and Megerdoomian, Karine and Seyyed-Kalantari, Laleh and Emami, Ali},
  journal={arXiv preprint arXiv:2509.01035},
  year={2025}
}

@article{rao2025,
  title={Cultural Alignment in Large Language Models: A Comprehensive Survey},
  author={Rao, A. and Smith, B. and Johnson, C.},
  journal={Journal of Cultural AI},
  year={2025}
}

@article{chiu2024,
  title={Cross-Cultural Communication Patterns in AI Systems},
  author={Chiu, D. and Wang, E. and Chen, F.},
  journal={Proceedings of ACL},
  year={2024}
}

@article{saffari2024,
  title={Persian Language Models: Challenges and Opportunities},
  author={Saffari, G. and Mohammadi, H. and Karimi, I.},
  journal={Computational Linguistics},
  year={2024}
}

@article{moosavi2025,
  title={Social Expectations in Persian AI Systems},
  author={Moosavi Monazzah, J. and Rezaei, K. and Ahmadi, L.},
  journal={Natural Language Engineering},
  year={2025}
}

@article{pourbahman2025,
  title={Cultural Context in Persian Natural Language Processing},
  author={Pourbahman, M. and Nasiri, N. and Farahani, O.},
  journal={Language Resources and Evaluation},
  year={2025}
}

@article{dwivedi2023,
  title={Adaptive Cultural Learning in Neural Networks},
  author={Dwivedi, P. and Kumar, Q. and Singh, R.},
  journal={Neural Computation},
  year={2023}
}

@article{alkhamissi2024,
  title={Cultural Adaptation Strategies for Large Language Models},
  author={Alkhamissi, S. and Al-Rashid, T. and Al-Mansouri, U.},
  journal={AI and Society},
  year={2024}
}

@article{masoud2025,
  title={Multicultural AI: Challenges and Solutions},
  author={Masoud, V. and Hassan, W. and Ali, X.},
  journal={Artificial Intelligence Review},
  year={2025}
}

@article{liu2025,
  title={Cross-Cultural Transfer Learning in AI Systems},
  author={Liu, Y. and Zhang, Z. and Wang, A.},
  journal={Machine Learning},
  year={2025}
}

@article{reynard2025phoenix,
  title={PHOENIX: Progressive Hierarchical Optimization and Evolutionary Neural Intelligence eXtraction},
  author={Reynard-Director-36},
  journal={Reynard Research Institute},
  year={2025}
}

@article{reynard2025ares,
  title={ARES: Adaptive Race Ecosystem System},
  author={Regal-Scientist-24},
  journal={Reynard Research Institute},
  year={2025}
}

@article{reynard2025nexus,
  title={NEXUS: A High-Performance Collision Detection System for Interactive Image Annotation},
  author={Balazs Horvath},
  journal={Reynard Research Institute},
  year={2025}
}
