@article{Wai2001,
    author = {Wai, Chan},
    title = {Conducting a Penetration Test on an Organization},
    journal = {SANS Institute Whitepaper},
    year = {2001},
    url = {https://www.sans.org/white-papers/67/}
}

@article{Phong2014,
    author = {Phong, Chiem Trieu and Yan, Wei Qi},
    title = {An Overview of Penetration Testing},
    journal = {International Journal of Digital Crime and Forensics (IJDCF)},
    volume = {6},
    number = {4},
    pages = {50-74},
    year = {2014},
    publisher = {IGI Global},
    doi = {10.4018/ijdcf.2014100104},
    url = {https://www.igi-global.com/gateway/article/123388}
}

@proceedings{Conti2015,
    author = {Conti, Gregory and Cross, Tom and Raymond, David},
    title = {Pen Testing a City},
    booktitle = {Black Hat USA 2015},
    year = {2015},
    url = {https://www.blackhat.com/docs/us-15/materials/us-15-Conti-Pen-Testing-A-City-wp.pdf}
}

@article{Altulaihan2023,
    author = {Altulaihan, Esra Abdullatif and Alismail, Abrar and Frikha, Mounir},
    title = {A Survey on Web Application Penetration Testing},
    journal = {Electronics},
    volume = {12},
    number = {5},
    pages = {1229},
    year = {2023},
    publisher = {MDPI},
    doi = {10.3390/electronics12051229},
    url = {https://www.mdpi.com/2079-9292/12/5/1229}
}

@article{Abdulghaffar2023,
    author = {Abdulghaffar, Khaled and Elmrabit, Nebrase and Yousefi, Mehdi},
    title = {Enhancing Web Application Security through Automated Penetration Testing with Multiple Vulnerability Scanners},
    journal = {Computers},
    volume = {12},
    number = {11},
    pages = {235},
    year = {2023},
    publisher = {MDPI},
    doi = {10.3390/computers12110235},
    url = {https://www.mdpi.com/2073-431X/12/11/235}
}
