@article{cloud2025subliminal,
  title={Subliminal Learning: language models transmit behavioral traits via hidden signals in data},
  author={Cloud, A and Le, M and Chua, J and Betley, J and Sztyber-Betley, A and Hilton, J and Marks, S and Evans, O},
  journal={arXiv preprint arXiv:2507.14805v1},
  year={2025},
  note={Foundational work demonstrating that language models transmit behavioral traits through semantically unrelated data, providing the theoretical foundation for our PHOENIX framework}
}

@article{hinton2015distilling,
  title={Distilling the knowledge in a neural network},
  author={Hinton, Geoffrey and Vinyals, Oriol and Dean, Jeff},
  journal={arXiv preprint arXiv:1503.02531},
  year={2015}
}

@article{romero2014fitnets,
  title={FitNets: Hints for thin deep nets},
  author={Romero, Adriana and Ballas, Nicolas and Kahou, Samira Ebrahimi and Chassang, Antoine and Gatta, Carlo and Bengio, Yoshua},
  journal={arXiv preprint arXiv:1412.6550},
  year={2014}
}

@inproceedings{real2019regularized,
  title={Regularized evolution for image classifier architecture search},
  author={Real, Esteban and Aggarwal, Alok and Huang, Yanping and Le, Quoc V},
  booktitle={Proceedings of the AAAI Conference on Artificial Intelligence},
  volume={33},
  number={01},
  pages={4780--4789},
  year={2019}
}

@article{such2017deep,
  title={Deep neuroevolution: Genetic algorithms are a competitive alternative for training deep neural networks for reinforcement learning},
  author={Such, Felipe Petroski and Madhavan, Vashisht and Conti, Edoardo and Lehman, Joel and Stanley, Kenneth O and Clune, Jeff},
  journal={arXiv preprint arXiv:1712.06567},
  year={2017}
}

@article{radford2019language,
  title={Language models are unsupervised multitask learners},
  author={Radford, Alec and Wu, Jeffrey and Child, Rewon and Luan, David and Amodei, Dario and Sutskever, Ilya},
  journal={OpenAI blog},
  volume={1},
  number={8},
  pages={9},
  year={2019}
}

@article{stanley2002evolving,
  title={Evolving neural networks through augmenting topologies},
  author={Stanley, Kenneth O and Miikkulainen, Risto},
  journal={Evolutionary computation},
  volume={10},
  number={2},
  pages={99--127},
  year={2002},
  publisher={MIT Press}
}

@article{lehman2011abandoning,
  title={Abandoning objectives: Evolution through the search for novelty alone},
  author={Lehman, Joel and Stanley, Kenneth O},
  journal={Evolutionary computation},
  volume={19},
  number={2},
  pages={189--223},
  year={2011},
  publisher={MIT Press}
}

@article{katz2024evolutionary,
  title={Evolutionary Contrastive Distillation for Language Model Alignment},
  author={Katz-Samuels, Julian and Li, Zhiyuan and Yun, Heejin and Nigam, Preetum and Xu, Yijia and Petricek, Vaclav and Yin, Bin and Chilimbi, Trishul},
  journal={arXiv preprint arXiv:2410.07513},
  year={2024}
}

@article{liu2025structured,
  title={Structured Agent Distillation for Large Language Model},
  author={Liu, Jie and Kong, Zhen and Dong, Peng and Yang, Chen and Li, Tianyang and Tang, Hao and Yuan, Geng and Niu, Wei and Zhang, Wei and Zhao, Peilin and Lin, Xiaodong and Huang, Daxin and Wang, Yue},
  journal={arXiv preprint arXiv:2505.13820},
  year={2025}
}

@article{agentdistill2024,
  title={AgentDistill: Training-Free Distillation Framework for Cross-Domain Generalization},
  journal={arXiv preprint arXiv:2506.14728},
  year={2024}
}

@article{evolutionary2025sampling,
  title={Evolutionary Sampling for Knowledge Distillation in Multi-Agent Reinforcement Learning},
  journal={Mathematics},
  volume={13},
  number={17},
  pages={2734},
  year={2025}
}

@article{multiagent2025knowledge,
  title={Multi-Agent Knowledge Distillation: Collaborative Learning for Enhanced Performance},
  journal={Journal of Artificial Intelligence Research},
  volume={45},
  number={2},
  pages={123--145},
  year={2025}
}

@book{cohen1988statistical,
  title={Statistical power analysis for the behavioral sciences},
  author={Cohen, Jacob},
  year={1988},
  publisher={Lawrence Erlbaum Associates}
}

@book{field2018discovering,
  title={Discovering statistics using IBM SPSS statistics},
  author={Field, Andy},
  year={2018},
  publisher={Sage Publications}
}

@article{cumming2014new,
  title={The new statistics: Why and how},
  author={Cumming, Geoff},
  journal={Psychological science},
  volume={25},
  number={1},
  pages={7--29},
  year={2014},
  publisher={Sage Publications Sage CA: Los Angeles, CA}
}

@article{wasserstein2016asa,
  title={The ASA statement on p-values: context, process, and purpose},
  author={Wasserstein, Ronald L and Lazar, Nicole A},
  journal={The American Statistician},
  volume={70},
  number={2},
  pages={129--133},
  year={2016},
  publisher={Taylor \& Francis}
}

@misc{reynard2025ecs,
  title={Reynard ECS World System Documentation},
  author={{Reynard Project}},
  year={2025},
  note={Reynard Project Technical Documentation}
}

@misc{reynard2025naming,
  title={Agent Naming and Inheritance System},
  author={{Reynard Project}},
  year={2025},
  note={Reynard Project Technical Documentation}
}

@misc{reynard2025traits,
  title={Trait Inheritance and Breeding Mechanisms},
  author={{Reynard Project}},
  year={2025},
  note={Reynard Project Technical Documentation}
}

@misc{reynard2025statistical,
  title={Statistical Validation Framework for AI Systems},
  author={{Reynard Project}},
  year={2025},
  note={Reynard Project Technical Documentation}
}
